
@article{singh2024evaluation,
  title={Evaluation data contamination in LLMs: how do we measure it and (when) does it matter?},
  author={Singh, Aaditya K and Kocyigit, Muhammed Yusuf and Poulton, Andrew and Esiobu, David and Lomeli, Maria and Szilvasy, Gergely and Hupkes, Dieuwke},
  journal={arXiv preprint arXiv:2411.03923},
  year={2024}
}

@inproceedings{
ding2024semcoder,
title={SemCoder: Training Code Language Models with Comprehensive Semantics Reasoning},
author={Yangruibo Ding and Jinjun Peng and Marcus J. Min and Gail Kaiser and Junfeng Yang and Baishakhi Ray},
booktitle={The Thirty-eighth Annual Conference on Neural Information Processing Systems},
year={2024},
url={https://openreview.net/forum?id=PnlCHQrM69}
}

@article{huang2024opencoder,
  title={Opencoder: The open cookbook for top-tier code large language models},
  author={Huang, Siming and Cheng, Tianhao and Liu, Jason Klein and Hao, Jiaran and Song, Liuyihan and Xu, Yang and Yang, J and Liu, JH and Zhang, Chenchen and Chai, Linzheng and others},
  journal={arXiv preprint arXiv:2411.04905},
  year={2024}
}

@article{yue2024mammoth2,
  title={Mammoth2: Scaling instructions from the web},
  author={Yue, Xiang and Zheng, Tuney and Zhang, Ge and Chen, Wenhu},
  journal={arXiv preprint arXiv:2405.03548},
  year={2024}
}

@article{toshniwal2024openmathinstruct2,
  title={Openmathinstruct-2: Accelerating ai for math with massive open-source instruction data},
  author={Toshniwal, Shubham and Du, Wei and Moshkov, Ivan and Kisacanin, Branislav and Ayrapetyan, Alexan and Gitman, Igor},
  journal={arXiv preprint arXiv:2410.01560},
  year={2024}
}

@software{benallal2024smollmcorpus,
  author = {Ben Allal, Loubna and Lozhkov, Anton and Penedo, Guilherme and Wolf, Thomas and von Werra, Leandro},
  title = {SmolLM-Corpus},
  month = July,
  year = 2024,
  url = {https://huggingface.co/datasets/HuggingFaceTB/smollm-corpus}
}

@article{zhu2024deepseekcoderv2,
  title={DeepSeek-Coder-V2: Breaking the Barrier of Closed-Source Models in Code Intelligence},
  author={Zhu, Qihao and Guo, Daya and Shao, Zhihong and Yang, Dejian and Wang, Peiyi and Xu, Runxin and Wu, Y and Li, Yukun and Gao, Huazuo and Ma, Shirong and others},
  journal={arXiv preprint arXiv:2406.11931},
  year={2024}
}

@article{hui2024qwen25coder,
      title={Qwen2. 5-Coder Technical Report},
      author={Hui, Binyuan and Yang, Jian and Cui, Zeyu and Yang, Jiaxi and Liu, Dayiheng and Zhang, Lei and Liu, Tianyu and Zhang, Jiajun and Yu, Bowen and Dang, Kai and others},
      journal={arXiv preprint arXiv:2409.12186},
      year={2024}
}

@article{zeng2024skyworkmath,
  title={Skywork-Math: Data Scaling Laws for Mathematical Reasoning in Large Language Models--The Story Goes On},
  author={Zeng, Liang and Zhong, Liangjun and Zhao, Liang and Wei, Tianwen and Yang, Liu and He, Jujie and Cheng, Cheng and Hu, Rui and Liu, Yang and Yan, Shuicheng and others},
  journal={arXiv preprint arXiv:2407.08348},
  year={2024}
}

@article{ying2024internlmmath,
  title={Internlm-math: Open math large language models toward verifiable reasoning},
  author={Ying, Huaiyuan and Zhang, Shuo and Li, Linyang and Zhou, Zhejian and Shao, Yunfan and Fei, Zhaoye and Ma, Yichuan and Hong, Jiawei and Liu, Kuikun and Wang, Ziyi and others},
  journal={arXiv preprint arXiv:2402.06332},
  year={2024}
}

@article{yang2024qwen25,
  title={Qwen2. 5 Technical Report},
  author={Yang, An and Yang, Baosong and Zhang, Beichen and Hui, Binyuan and Zheng, Bo and Yu, Bowen and Li, Chengyuan and Liu, Dayiheng and Huang, Fei and Wei, Haoran and others},
  journal={arXiv preprint arXiv:2412.15115},
  year={2024}
}

@article{dubey2024llama3,
  title={The llama 3 herd of models},
  author={Dubey, Abhimanyu and Jauhri, Abhinav and Pandey, Abhinav and Kadian, Abhishek and Al-Dahle, Ahmad and Letman, Aiesha and Mathur, Akhil and Schelten, Alan and Yang, Amy and Fan, Angela and others},
  journal={arXiv preprint arXiv:2407.21783},
  year={2024}
}

@article{xu2024aguvis,
  title={Aguvis: Unified Pure Vision Agents for Autonomous GUI Interaction},
  author={Xu, Yiheng and Wang, Zekun and Wang, Junli and Lu, Dunjie and Xie, Tianbao and Saha, Amrita and Sahoo, Doyen and Yu, Tao and Xiong, Caiming},
  journal={arXiv preprint arXiv:2412.04454},
  year={2024}
}

@inproceedings{
zhou2024math4ai,
title={{AI} for Math or Math for {AI}? On the Generalization of Learning Mathematical Problem Solving},
author={Ruochen Zhou and Minrui Xu and Shiqi Chen and Junteng Liu and Yunqi Li and LIN Xinxin and Zhengyu Chen and Junxian He},
booktitle={The 4th Workshop on Mathematical Reasoning and AI at NeurIPS'24},
year={2024},
url={https://openreview.net/forum?id=xlnvZ85CSo}
}

@article{paster2023openwebmath,
  title={Openwebmath: An open dataset of high-quality mathematical web text},
  author={Paster, Keiran and Santos, Marco Dos and Azerbayev, Zhangir and Ba, Jimmy},
  journal={arXiv preprint arXiv:2310.06786},
  year={2023}
}

@article{ma2024korbench,
  title={KOR-Bench: Benchmarking Language Models on Knowledge-Orthogonal Reasoning Tasks},
  author={Ma, Kaijing and Du, Xinrun and Wang, Yunran and Zhang, Haoran and Wen, Zhoufutu and Qu, Xingwei and Yang, Jian and Liu, Jiaheng and Liu, Minghao and Yue, Xiang and others},
  journal={arXiv preprint arXiv:2410.06526},
  year={2024}
}

@inproceedings{dua2019drop,
  title={DROP: A Reading Comprehension Benchmark Requiring Discrete Reasoning Over Paragraphs},
  author={Dua, Dheeru and Wang, Yizhong and Dasigi, Pradeep and Stanovsky, Gabriel and Singh, Sameer and Gardner, Matt},
  booktitle={Proceedings of the 2019 Conference of the North American Chapter of the Association for Computational Linguistics: Human Language Technologies, Volume 1 (Long and Short Papers)},
  pages={2368--2378},
  year={2019}
}

@inproceedings{
rein2024gpqa,
title={{GPQA}: A Graduate-Level Google-Proof Q\&A Benchmark},
author={David Rein and Betty Li Hou and Asa Cooper Stickland and Jackson Petty and Richard Yuanzhe Pang and Julien Dirani and Julian Michael and Samuel R. Bowman},
booktitle={First Conference on Language Modeling},
year={2024},
url={https://openreview.net/forum?id=Ti67584b98}
}

@article{white2024livebench,
  title={Livebench: A challenging, contamination-free llm benchmark},
  author={White, Colin and Dooley, Samuel and Roberts, Manley and Pal, Arka and Feuer, Ben and Jain, Siddhartha and Shwartz-Ziv, Ravid and Jain, Neel and Saifullah, Khalid and Naidu, Siddartha and others},
  journal={arXiv preprint arXiv:2406.19314},
  year={2024}
}

@article{lin2025zebralogic,
  title={ZebraLogic: On the Scaling Limits of LLMs for Logical Reasoning},
  author={Lin, Bill Yuchen and Bras, Ronan Le and Richardson, Kyle and Sabharwal, Ashish and Poovendran, Radha and Clark, Peter and Choi, Yejin},
  journal={arXiv preprint arXiv:2502.01100},
  year={2025}
}

@misc{codestral,
    title={Codestral},
    author={Mistral-AI},
    url={https://mistral.ai/news/codestral/},
    year={2024}
}

@misc{haillm,
    title={Hai-llm: Efficient and lightweight training tool for large models},
    author={High-flyer},
    url={https://www.high-flyer.cn/en/blog/hai-llm},
    year={2023}
}

@article{shao2024deepseekmath,
  title={Deepseekmath: Pushing the limits of mathematical reasoning in open language models},
  author={Shao, Zhihong and Wang, Peiyi and Zhu, Qihao and Xu, Runxin and Song, Junxiao and Bi, Xiao and Zhang, Haowei and Zhang, Mingchuan and Li, YK and Wu, Y and others},
  journal={arXiv preprint arXiv:2402.03300},
  year={2024}
}

@misc{qwq,
  author = {Team, Qwen},
  title = {QwQ: Reflect Deeply on the Boundaries of the Unknown},
  month = nov,
  year = 2024,
  url = {https://qwenlm.github.io/blog/qwq-32b-preview/}
}

@misc{knauff2010complex,
  title={Complex cognition: the science of human reasoning, problem-solving, and decision-making},
  author={Knauff, Markus and Wolf, Ann G},
  journal={Cognitive processing},
  volume={11},
  pages={99--102},
  year={2010},
  publisher={Springer}
}

@article{wang2010cognitive,
  title={On the cognitive process of human problem solving},
  author={Wang, Yingxu and Chiew, Vincent},
  journal={Cognitive systems research},
  volume={11},
  number={1},
  pages={81--92},
  year={2010},
  publisher={Elsevier}
}

@article{dehaene2004arithmetic,
  title={Arithmetic and the brain},
  author={Dehaene, Stanislas and Molko, Nicolas and Cohen, Laurent and Wilson, Anna J},
  journal={Current opinion in neurobiology},
  volume={14},
  number={2},
  pages={218--224},
  year={2004},
  publisher={Elsevier}
}

@article{xiang2025towards,
  title={Towards System 2 Reasoning in LLMs: Learning How to Think With Meta Chain-of-Though},
  author={Xiang, Violet and Snell, Charlie and Gandhi, Kanishk and Albalak, Alon and Singh, Anikait and Blagden, Chase and Phung, Duy and Rafailov, Rafael and Lile, Nathan and Mahan, Dakota and others},
  journal={arXiv preprint arXiv:2501.04682},
  year={2025}
}

@article{huang2022towards,
  title={Towards reasoning in large language models: A survey},
  author={Huang, Jie and Chang, Kevin Chen-Chuan},
  journal={arXiv preprint arXiv:2212.10403},
  year={2022}
}

@article{qiao2022reasoning,
  title={Reasoning with language model prompting: A survey},
  author={Qiao, Shuofei and Ou, Yixin and Zhang, Ningyu and Chen, Xiang and Yao, Yunzhi and Deng, Shumin and Tan, Chuanqi and Huang, Fei and Chen, Huajun},
  journal={arXiv preprint arXiv:2212.09597},
  year={2022}
}

@article{lozhkov2024starcoder,
  title={Starcoder 2 and the stack v2: The next generation},
  author={Lozhkov, Anton and Li, Raymond and Allal, Loubna Ben and Cassano, Federico and Lamy-Poirier, Joel and Tazi, Nouamane and Tang, Ao and Pykhtar, Dmytro and Liu, Jiawei and Wei, Yuxiang and others},
  journal={arXiv preprint arXiv:2402.19173},
  year={2024}
}

@inproceedings{
zhang2024towards,
title={Towards Bridging Classical and Neural Computation through a Read-Eval-Print Loop},
author={David W. Zhang and Micha{\"e}l Defferrard and Corrado Rainone and Roland Memisevic},
booktitle={ICML 2024 Workshop on LLMs and Cognition},
year={2024},
url={https://openreview.net/forum?id=Y08aOVCPTt}
}


@article{wen2024codeplan,
  title={Unlocking Reasoning Potential in Large Langauge Models by Scaling Code-form Planning},
  author={Wen, Jiaxin and Guan, Jian and Wang, Hongning and Wu, Wei and Huang, Minlie},
  journal={arXiv preprint arXiv:2409.12452},
  year={2024}
}

@inproceedings{
gorceix2024learningmathrules,
title={Learning Mathematical Rules with Large Language Models},
author={Antoine Gorceix and Bastien Le Chenadec and Ahmad Rammal and Nelson Vadori and Manuela Veloso},
booktitle={The 4th Workshop on Mathematical Reasoning and AI at NeurIPS'24},
year={2024},
url={https://openreview.net/forum?id=tIlDF5B6T4}
}

@article{xu2024core,
  title={CoRE: LLM as Interpreter for Natural Language Programming, Pseudo-Code Programming, and Flow Programming of AI Agents},
  author={Xu, Shuyuan and Li, Zelong and Mei, Kai and Zhang, Yongfeng},
  journal={arXiv preprint arXiv:2405.06907},
  year={2024}
}

@inproceedings{
morishita2024enhancing,
title={Enhancing Reasoning Capabilities of {LLM}s via Principled Synthetic Logic Corpus},
author={Terufumi Morishita and Gaku Morio and Atsuki Yamaguchi and Yasuhiro Sogawa},
booktitle={The Thirty-eighth Annual Conference on Neural Information Processing Systems},
year={2024},
url={https://openreview.net/forum?id=mljDUaQpln}
}

@inproceedings{morishita2023learning,
  title={Learning deductive reasoning from synthetic corpus based on formal logic},
  author={Morishita, Terufumi and Morio, Gaku and Yamaguchi, Atsuki and Sogawa, Yasuhiro},
  booktitle={International Conference on Machine Learning},
  pages={25254--25274},
  year={2023},
  organization={PMLR}
}

@article{chen2024reverse,
  title={Reverse Thinking Makes LLMs Stronger Reasoners},
  author={Chen, Justin Chih-Yao and Wang, Zifeng and Palangi, Hamid and Han, Rujun and Ebrahimi, Sayna and Le, Long and Perot, Vincent and Mishra, Swaroop and Bansal, Mohit and Lee, Chen-Yu and others},
  journal={arXiv preprint arXiv:2411.19865},
  year={2024}
}

@article{jain2024livecodebench,
  title={Livecodebench: Holistic and contamination free evaluation of large language models for code},
  author={Jain, Naman and Han, King and Gu, Alex and Li, Wen-Ding and Yan, Fanjia and Zhang, Tianjun and Wang, Sida and Solar-Lezama, Armando and Sen, Koushik and Stoica, Ion},
  journal={arXiv preprint arXiv:2403.07974},
  year={2024}
}

@article{zaremba2014learning,
  title={Learning to execute},
  author={Zaremba, Wojciech and Sutskever, Ilya},
  journal={arXiv preprint arXiv:1410.4615},
  year={2014}
}

@article{graves2014neural,
  title={Neural Turing Machines},
  author={Graves, Alex and Wayne, Greg and Danihelka, Ivo},
  journal={arXiv preprint arXiv:1410.5401},
  year={2014}
}

@article{austin2021program,
  title={Program synthesis with large language models},
  author={Austin, Jacob and Odena, Augustus and Nye, Maxwell and Bosma, Maarten and Michalewski, Henryk and Dohan, David and Jiang, Ellen and Cai, Carrie and Terry, Michael and Le, Quoc and others},
  journal={arXiv preprint arXiv:2108.07732},
  year={2021}
}

@article{nye2021show,
  title={Show your work: Scratchpads for intermediate computation with language models},
  author={Nye, Maxwell and Andreassen, Anders Johan and Gur-Ari, Guy and Michalewski, Henryk and Austin, Jacob and Bieber, David and Dohan, David and Lewkowycz, Aitor and Bosma, Maarten and Luan, David and others},
  journal={arXiv preprint arXiv:2112.00114},
  year={2021}
}

@inproceedings{ding2024traced,
  title={Traced: Execution-aware pre-training for source code},
  author={Ding, Yangruibo and Steenhoek, Benjamin and Pei, Kexin and Kaiser, Gail and Le, Wei and Ray, Baishakhi},
  booktitle={Proceedings of the 46th IEEE/ACM International Conference on Software Engineering},
  pages={1--12},
  year={2024}
}

@inproceedings{
ni2024next,
title={{NE}xT: Teaching Large Language Models to Reason about Code Execution},
author={Ansong Ni and Miltiadis Allamanis and Arman Cohan and Yinlin Deng and Kensen Shi and Charles Sutton and Pengcheng Yin},
booktitle={Forty-first International Conference on Machine Learning},
year={2024},
url={https://openreview.net/forum?id=B1W712hMBi}
}

@article{ding2024cycle,
  title={Cycle: Learning to self-refine the code generation},
  author={Ding, Yangruibo and Min, Marcus J and Kaiser, Gail and Ray, Baishakhi},
  journal={Proceedings of the ACM on Programming Languages},
  volume={8},
  number={OOPSLA1},
  pages={392--418},
  year={2024},
  publisher={ACM New York, NY, USA}
}

@inproceedings{wang2024leti,
  title={LETI: Learning to Generate from Textual Interactions},
  author={Wang, Xingyao and Peng, Hao and Jabbarvand, Reyhaneh and Ji, Heng},
  booktitle={Findings of the Association for Computational Linguistics: NAACL 2024},
  pages={223--239},
  year={2024}
}

@inproceedings{gururangan2020don,
  title={Don’t Stop Pretraining: Adapt Language Models to Domains and Tasks},
  author={Gururangan, Suchin and Marasovi{\'c}, Ana and Swayamdipta, Swabha and Lo, Kyle and Beltagy, Iz and Downey, Doug and Smith, Noah A},
  booktitle={Proceedings of the 58th Annual Meeting of the Association for Computational Linguistics},
  pages={8342--8360},
  year={2020}
}

@misc{deepseekai2025r1,
      title={DeepSeek-R1: Incentivizing Reasoning Capability in LLMs via Reinforcement Learning}, 
      author={DeepSeek-AI and Daya Guo and Dejian Yang and Haowei Zhang and Junxiao Song and Ruoyu Zhang and Runxin Xu and Qihao Zhu and Shirong Ma and Peiyi Wang and Xiao Bi and Xiaokang Zhang and Xingkai Yu and Yu Wu and Z. F. Wu and Zhibin Gou and Zhihong Shao and Zhuoshu Li and Ziyi Gao and Aixin Liu and Bing Xue and Bingxuan Wang and Bochao Wu and Bei Feng and Chengda Lu and Chenggang Zhao and Chengqi Deng and Chenyu Zhang and Chong Ruan and Damai Dai and Deli Chen and Dongjie Ji and Erhang Li and Fangyun Lin and Fucong Dai and Fuli Luo and Guangbo Hao and Guanting Chen and Guowei Li and H. Zhang and Han Bao and Hanwei Xu and Haocheng Wang and Honghui Ding and Huajian Xin and Huazuo Gao and Hui Qu and Hui Li and Jianzhong Guo and Jiashi Li and Jiawei Wang and Jingchang Chen and Jingyang Yuan and Junjie Qiu and Junlong Li and J. L. Cai and Jiaqi Ni and Jian Liang and Jin Chen and Kai Dong and Kai Hu and Kaige Gao and Kang Guan and Kexin Huang and Kuai Yu and Lean Wang and Lecong Zhang and Liang Zhao and Litong Wang and Liyue Zhang and Lei Xu and Leyi Xia and Mingchuan Zhang and Minghua Zhang and Minghui Tang and Meng Li and Miaojun Wang and Mingming Li and Ning Tian and Panpan Huang and Peng Zhang and Qiancheng Wang and Qinyu Chen and Qiushi Du and Ruiqi Ge and Ruisong Zhang and Ruizhe Pan and Runji Wang and R. J. Chen and R. L. Jin and Ruyi Chen and Shanghao Lu and Shangyan Zhou and Shanhuang Chen and Shengfeng Ye and Shiyu Wang and Shuiping Yu and Shunfeng Zhou and Shuting Pan and S. S. Li and Shuang Zhou and Shaoqing Wu and Shengfeng Ye and Tao Yun and Tian Pei and Tianyu Sun and T. Wang and Wangding Zeng and Wanjia Zhao and Wen Liu and Wenfeng Liang and Wenjun Gao and Wenqin Yu and Wentao Zhang and W. L. Xiao and Wei An and Xiaodong Liu and Xiaohan Wang and Xiaokang Chen and Xiaotao Nie and Xin Cheng and Xin Liu and Xin Xie and Xingchao Liu and Xinyu Yang and Xinyuan Li and Xuecheng Su and Xuheng Lin and X. Q. Li and Xiangyue Jin and Xiaojin Shen and Xiaosha Chen and Xiaowen Sun and Xiaoxiang Wang and Xinnan Song and Xinyi Zhou and Xianzu Wang and Xinxia Shan and Y. K. Li and Y. Q. Wang and Y. X. Wei and Yang Zhang and Yanhong Xu and Yao Li and Yao Zhao and Yaofeng Sun and Yaohui Wang and Yi Yu and Yichao Zhang and Yifan Shi and Yiliang Xiong and Ying He and Yishi Piao and Yisong Wang and Yixuan Tan and Yiyang Ma and Yiyuan Liu and Yongqiang Guo and Yuan Ou and Yuduan Wang and Yue Gong and Yuheng Zou and Yujia He and Yunfan Xiong and Yuxiang Luo and Yuxiang You and Yuxuan Liu and Yuyang Zhou and Y. X. Zhu and Yanhong Xu and Yanping Huang and Yaohui Li and Yi Zheng and Yuchen Zhu and Yunxian Ma and Ying Tang and Yukun Zha and Yuting Yan and Z. Z. Ren and Zehui Ren and Zhangli Sha and Zhe Fu and Zhean Xu and Zhenda Xie and Zhengyan Zhang and Zhewen Hao and Zhicheng Ma and Zhigang Yan and Zhiyu Wu and Zihui Gu and Zijia Zhu and Zijun Liu and Zilin Li and Ziwei Xie and Ziyang Song and Zizheng Pan and Zhen Huang and Zhipeng Xu and Zhongyu Zhang and Zhen Zhang},
      year={2025},
      eprint={2501.12948},
      archivePrefix={arXiv},
      primaryClass={cs.CL},
      url={https://arxiv.org/abs/2501.12948}, 
}

@article{srivastava2022beyond,
  title={Beyond the imitation game: Quantifying and extrapolating the capabilities of language models},
  author={Srivastava, Aarohi and Rastogi, Abhinav and Rao, Abhishek and Shoeb, Abu Awal Md and Abid, Abubakar and Fisch, Adam and Brown, Adam R and Santoro, Adam and Gupta, Aditya and Garriga-Alonso, Adri{\`a} and others},
  journal={arXiv preprint arXiv:2206.04615},
  year={2022}
}

@article{jiang2024mixtral,
  title={Mixtral of experts},
  author={Jiang, Albert Q and Sablayrolles, Alexandre and Roux, Antoine and Mensch, Arthur and Savary, Blanche and Bamford, Chris and Chaplot, Devendra Singh and Casas, Diego de las and Hanna, Emma Bou and Bressand, Florian and others},
  journal={arXiv preprint arXiv:2401.04088},
  year={2024}
}

@article{bai2023qwen,
  title={Qwen technical report},
  author={Bai, Jinze and Bai, Shuai and Chu, Yunfei and Cui, Zeyu and Dang, Kai and Deng, Xiaodong and Fan, Yang and Ge, Wenbin and Han, Yu and Huang, Fei and others},
  journal={arXiv preprint arXiv:2309.16609},
  year={2023}
}

@article{jiang2024logicpro,
  title={LogicPro: Improving Complex Logical Reasoning via Program-Guided Learning},
  author={Jiang, Jin and Yan, Yuchen and Liu, Yang and Jin, Yonggang and Peng, Shuai and Zhang, Mengdi and Cai, Xunliang and Cao, Yixin and Gao, Liangcai and Tang, Zhi},
  journal={arXiv preprint arXiv:2409.12929},
  year={2024}
}

@article{yuan2023scaling,
  title={Scaling relationship on learning mathematical reasoning with large language models},
  author={Yuan, Zheng and Yuan, Hongyi and Li, Chengpeng and Dong, Guanting and Lu, Keming and Tan, Chuanqi and Zhou, Chang and Zhou, Jingren},
  journal={arXiv preprint arXiv:2308.01825},
  year={2023}
}

@article{yang2024qwen25math,
  title={Qwen2. 5-math technical report: Toward mathematical expert model via self-improvement},
  author={Yang, An and Zhang, Beichen and Hui, Binyuan and Gao, Bofei and Yu, Bowen and Li, Chengpeng and Liu, Dayiheng and Tu, Jianhong and Zhou, Jingren and Lin, Junyang and others},
  journal={arXiv preprint arXiv:2409.12122},
  year={2024}
}

@inproceedings{
    xu2024lemur,
    title={Lemur: Harmonizing Natural Language and Code for Language Agents},
    author={Yiheng Xu and Hongjin SU and Chen Xing and Boyu Mi and Qian Liu and Weijia Shi and Binyuan Hui and Fan Zhou and Yitao Liu and Tianbao Xie and Zhoujun Cheng and Siheng Zhao and Lingpeng Kong and Bailin Wang and Caiming Xiong and Tao Yu},
    booktitle={The Twelfth International Conference on Learning Representations},
    year={2024},
    url={https://openreview.net/forum?id=hNhwSmtXRh}
}

@article{roziere2023code,
  title={Code llama: Open foundation models for code},
  author={Roziere, Baptiste and Gehring, Jonas and Gloeckle, Fabian and Sootla, Sten and Gat, Itai and Tan, Xiaoqing Ellen and Adi, Yossi and Liu, Jingyu and Sauvestre, Romain and Remez, Tal and others},
  journal={arXiv preprint arXiv:2308.12950},
  year={2023}
}

@inproceedings{
hendrycks2021measuring,
title={Measuring Massive Multitask Language Understanding},
author={Dan Hendrycks and Collin Burns and Steven Basart and Andy Zou and Mantas Mazeika and Dawn Song and Jacob Steinhardt},
booktitle={International Conference on Learning Representations},
year={2021},
url={https://openreview.net/forum?id=d7KBjmI3GmQ}
}